@article{Ladwig202050,
  title   = "Ethical Coding: Privacy, Ethics & Law in Computing",
  journal = "Information Systems Education Journal",
  volume  = "18",
  number  = "1--12",
  pages   = "50--57",
  year    = "2020",
  doi     = "",
  author  = "C. Ladwig"
}

@article{Kay2020,
  title   = "The SAXON XLST and Xquery Processor",
  journal = "[online]",
  volume  = "Saxon.sourceforge.net.",
  pages   = "http://saxon.sourceforge.net/",
  year    = "Accessed 5 September 2020",
  doi     = "",
  author  = "M.H. Kay"
}

@article{Spittel2020,
   title = "A Complete Beginner's Guide To React.",
   journal = "[online]",
   source = "Welearncode.com",
   pages = "http://Welearncode.com/beginners-guide-react/",
   year = "Accessed 5 September 2020",
   doi ="",
   author = "A.Spittel"
}

